
@misc{Cazes.26.09.2013,
 author = {Cazes, John and Arora, Ritu},
 year = {26.09.2013},
 title = {Introduction to Parallel I/O},
 url = {https://www.tacc.utexas.edu/documents/13601/900558/MPI-IO-Final.pdf/eea9d7d3-4b81-471c-b244-41498070e35d},
 urldate = {30.10.2018}
}


@misc{Corbett.1995,
 author = {Corbett, Peter et.al.},
 year = {1995},
 title = {MPI-IO: A Parallel File I/O Interface for MPI},
 url = {https://ntrs.nasa.gov/archive/nasa/casi.ntrs.nasa.gov/19970026966.pdf},
 urldate = {30.10.2018}
}


@misc{Frings.2013,
 author = {Frings, Wolfgang},
 editor = {{J{\"u}lich Supercomputing Centre}},
 year = {2013},
 title = {Parallel file I/O bottlenecks and solutions},
 url = {https://www.vi-hps.org/upload/material/tw12/Parallel_IO_VIHPS_13_wfrings.pdf},
 urldate = {08.11.2018}
}


@misc{Hadri.19.10.2011,
 author = {Hadri, Bilel},
 year = {19.10.2011},
 title = {Introduction to Parallel I/O},
 url = {https://www.olcf.ornl.gov/wp-content/uploads/2011/10/Fall_IO.pdf},
 urldate = {31.10.2018}
}


@misc{Lindi.2013,
 author = {Lindi, Bj{\o}rn},
 year = {2013},
 title = {I/O-profiling with Darshan},
 url = {http://www.prace-ri.eu/IMG/pdf/IO-profiling_with_Darshan-2.pdf},
 urldate = {15.11.2018}
}


@misc{Mendez.23.06.2016,
 author = {Mendez, Sandra},
 year = {23.06.2016},
 title = {Analyzing the High Performance Parallel I/O on LRZ HPC systems},
 url = {https://wr.informatik.uni-hamburg.de/_media/events/2016/iodc-16-mendez-lrz.pdf},
 urldate = {08.11.2018}
}


@misc{Shende.2011,
 author = {Shende, Sameer and Mallony, Allan D. and Spear, Wyatt and Schuchardt, Karen},
 year = {2011},
 title = {Characterizing I/O Performance Using the TAU Performance System},
 url = {http://www.cs.uoregon.edu/research/paracomp/papers/parco11/parco11.pdf},
 urldate = {08.11.2018}
}


@misc{Wikipedia.29.10.2018,
 editor = {Wikipedia},
 year = {29.10.2018},
 title = {Message Passing Interface - Wikipedia},
 url = {https://en.wikipedia.org/w/index.php?oldid=863149040},
 urldate = {30.10.2018}
}



